<record><leader>00000cai a22000007a 4500</leader><controlfield tag="001">429903701</controlfield><controlfield tag="006">m     o  d        </controlfield><controlfield tag="007">cr |||||||||||</controlfield><controlfield tag="008">090810c20009999miudr n o     0   a2eng  </controlfield><datafield ind1=" " ind2=" " tag="010"><subfield code="a">  2009203406</subfield></datafield><datafield ind1=" " ind2=" " tag="040"><subfield code="a">DLC</subfield><subfield code="b">eng</subfield><subfield code="c">DLC</subfield><subfield code="d">DLC</subfield><subfield code="d">OCLCQ</subfield></datafield><datafield ind1=" " ind2=" " tag="012"><subfield code="l">1</subfield></datafield><datafield ind1="1" ind2=" " tag="022"><subfield code="a">2150-5675</subfield><subfield code="l">2150-5675</subfield><subfield code="2">1</subfield></datafield><datafield ind1="1" ind2=" " tag="029"><subfield code="a">AU@</subfield><subfield code="b">000044545249</subfield></datafield><datafield ind1=" " ind2=" " tag="037"><subfield code="b">Federated Publications, Inc. 323 E. Grand River, Howell, MI 48843</subfield></datafield><datafield ind1=" " ind2=" " tag="042"><subfield code="a">pcc</subfield><subfield code="a">nsdp</subfield></datafield><datafield ind1="1" ind2="0" tag="050"><subfield code="a">ISSN RECORD</subfield></datafield><datafield ind1=" " ind2="0" tag="222"><subfield code="a">Livingstondaily.com</subfield></datafield><datafield ind1="0" ind2="0" tag="245"><subfield code="a">Livingstondaily.com.</subfield></datafield><datafield ind1="1" ind2="3" tag="246"><subfield code="a">Linginston daily</subfield></datafield><datafield ind1=" " ind2=" " tag="260"><subfield code="a">Howell, MI :</subfield><subfield code="b">Federated Publications, Inc.</subfield></datafield><datafield ind1=" " ind2=" " tag="310"><subfield code="a">Daily</subfield></datafield><datafield ind1=" " ind2=" " tag="336"><subfield code="a">text</subfield><subfield code="b">txt</subfield><subfield code="2">rdacontent</subfield></datafield><datafield ind1=" " ind2=" " tag="337"><subfield code="a">computer</subfield><subfield code="b">c</subfield><subfield code="2">rdamedia</subfield></datafield><datafield ind1=" " ind2=" " tag="338"><subfield code="a">online resource</subfield><subfield code="b">cr</subfield><subfield code="2">rdacarrier</subfield></datafield><datafield ind1="1" ind2=" " tag="362"><subfield code="a">Print began with vol. 155, no. 89 (Sept. 7, 2000).</subfield></datafield><datafield ind1=" " ind2=" " tag="500"><subfield code="a">Title from banner (livingstondaily website, viewed on Aug. 5, 2009).</subfield></datafield><datafield ind1="0" ind2="8" tag="776"><subfield code="i">Also issue in print:</subfield><subfield code="t">Livingston County daily press &amp; argus</subfield><subfield code="x">2150-5667</subfield><subfield code="w">(DLC)  2009203407</subfield><subfield code="w">(OCoLC)309871107</subfield></datafield><datafield ind1="4" ind2="0" tag="856"><subfield code="u">http://www.livingstondaily.com</subfield></datafield></record>